@book{knuth:artocp3,
 author = {Knuth, Donald E.},
 title = {The Art of Computer Programming,  Volume 3: (2Nd Ed.) Sorting and Searching},
 year = {1998},
 isbn = {0-201-89685-0},
 publisher = {Addison Wesley Longman Publishing Co., Inc.},
 address = {Redwood City, CA, USA},
} 

@article{landauer1961irreversibility,
  title={Irreversibility and heat generation in the computing process},
  author={Landauer, Rolf},
  journal={IBM journal of research and development},
  volume={5},
  number={3},
  pages={183--191},
  year={1961},
  publisher={IBM},
  url={http://fab.cba.mit.edu/classes/MAS.862/notes/computation/Landauer-1961.pdf}
}

@article{haddon1990cycle,
  title={Cycle-sort: a linear sorting method},
  author={Haddon, Bruce K.},
  journal={The Computer Journal},
  volume={33},
  number={4},
  pages={365--367},
  year={1990},
  publisher={Br Computer Soc},
  url={http://comjnl.oxfordjournals.org/content/33/4/365.full.pdf+html}
}

@article{duijvestijn1972correctness,
  title={Correctness proof of an in-place permutation},
  author={Duijvestijn, AJW},
  journal={BIT Numerical Mathematics},
  volume={12},
  number={3},
  pages={318--324},
  year={1972},
  publisher={Springer},
  url={http://doc.utwente.nl/85477/1/Duijvestijn72correctness.pdf}
}

@online{webster:articolo,
author		=	{Guy Webster},
title		=	{Computer Swap on Curiosity Rover},
date		=	{2013},
url		=	{http://www.nasa.gov/mission_pages/msl/news/msl20130228.html},
location	=	{Jet Propulsion Laboratory, Pasadena, Calif.},
organization	=	{National Aeronautics and Space Administration},
}

@online{wiki:cyclic,
title	=	{Cyclic Permutation},
date	=	{2015},
url	=	{https://en.wikipedia.org/wiki/Cyclic_permutation},
}

@article{hopbunse:tesi,
author		= {Christian Bunse and Hagen Hopfner and Essam Mansour and Suman Roychoudhury},
title		= {Exploring the Energy Consumption of Data Sorting Algorithms in Embedded and Mobile Environments},
journal		={2014 IEEE 15th International Conference on Mobile Data Management},
volume		= {0},
isbn		= {978-0-7695-3650-7},
year		= {2009},
pages		= {600-607},
url		= {http://citeseerx.ist.psu.edu/viewdoc/download?doi=10.1.1.543.8109&rep=rep1&type=pdf},
publisher	= {IEEE Computer Society},
address		= {Los Alamitos, CA, USA},
}

@inproceedings{bunsebesta:tesi,
  title		= {Choosing the" Best" Sorting Algorithm for Optimal Energy Consumption.},
  author	= {Bunse, Christian and H{\"o}pfner, Hagen and Roychoudhury, Suman and Mansour, Essam},
  booktitle	= {ICSOFT (2)},
  pages		= {199--206},
  year		= {2009}
}

@article{ledermann1957introduction,
  title={Introduction to the theory of finite groups},
  author={Ledermann, Walter},
  year={1957},
  publisher={Oliver and Boyd}
}